@online{cpi_overview,
	author = {{{Bureau of Labor Statistics}}},
  	title = {Handbook of Methods},
  	year = 2023,
  	url = {https://www.bls.gov/opub/hom/cpi/home.htm}
}

@online{zori_overview,
	author = {Joshua Clark},
	title = {Methodology: Zillow Observed Rent Index ({ZORI})},
	year = 2022,
	url = {https://www.zillow.com/research/methodology-zori-repeat-rent-27092/}
}

@online{cpi_data,
	author = {{{Bureau of Labor Statistics}}},
	title = {Consumer Price Index for All Urban Consumers ({CPI-U})},
	year = 2024,
	url = {https://data.bls.gov/pdq/SurveyOutputServlet?data_tool=dropmap&series_id=CUUR0400SA0,CUUS0400SA0}
}

@online{zori_data,
	author = {Zillow},
	title = {Housing Data},
	year = 2024,
	url = {https://www.zillow.com/research/data/}
}

@misc{kachelein,
	author = {Luke Kachelein},
	title = {Personal communication},
	year = {2023}
}

@misc{salary_implementation_email,
	author = {{SIO Department}},
	title = {Email titled ``{GSR} and {ASE} Salary Implementation'', received {March} 20},
	year = {2023}
}

@online{gsr_contract,
	author = {{UC-UAW GSR contract}},
	year = 2022,
	url = {https://ucnet.universityofcalifornia.edu/labor/bargaining-units/br/contract.html}
}

@online{uc_uaw_page,
	author = {{University of California}},
	year = 2024,
	url = {https://www.universityofcalifornia.edu/UAW}
}